<?xml version="1.0" encoding="UTF-8"?><record xmlns="http://www.loc.gov/MARC21/slim" xmlns:cinclude="http://apache.org/cocoon/include/1.0" xmlns:zs="http://www.loc.gov/zing/srw/">
  <leader>00731cz  a2200145n  4500</leader>
  <controlfield tag="001">no 93033243 </controlfield>
  <controlfield tag="003">DLC</controlfield>
  <controlfield tag="005">20120811083927.0</controlfield>
  <controlfield tag="008">931103n| acannaab           |a ana     c</controlfield>
  <datafield tag="010" ind1=" " ind2=" ">
    <subfield code="a">no 93033243 </subfield>
  </datafield>
  <datafield tag="040" ind1=" " ind2=" ">
    <subfield code="a">DJBF</subfield>
    <subfield code="b">eng</subfield>
    <subfield code="c">DJBF</subfield>
    <subfield code="d">DLC</subfield>
  </datafield>
  <datafield tag="111" ind1="2" ind2=" ">
    <subfield code="a">Seminar on External Debt Management</subfield>
    <subfield code="d">(1984 :</subfield>
    <subfield code="c">Washington, D.C.)</subfield>
  </datafield>
  <datafield tag="411" ind1="2" ind2=" ">
    <subfield code="a">International Monetary Fund Seminar on External Debt Management</subfield>
    <subfield code="d">(1984 :</subfield>
    <subfield code="c">Washington, D.C.)</subfield>
  </datafield>
  <datafield tag="667" ind1=" " ind2=" ">
    <subfield code="a">THIS 1XX FIELD CANNOT BE USED UNDER RDA UNTIL THIS RECORD HAS BEEN REVIEWED AND/OR UPDATED</subfield>
  </datafield>
  <datafield tag="670" ind1=" " ind2=" ">
    <subfield code="a">Seminar on External Debt Management, 1984:</subfield>
    <subfield code="b">cover (International Monetary Fund Seminar on External Debt Management, Dec. 10-14, 1984, Washington, D.C; organized by Central Banking Dept. and IMF Institute)</subfield>
  </datafield>
</record>